<?xml version="1.0" encoding="UTF-8"?><collection xmlns="http://www.loc.gov/MARC21/slim"><record><leader>00392nam--2200133-i-4500</leader><controlfield tag="001">000008064</controlfield><controlfield tag="002">20161230</controlfield><controlfield tag="005">20161230201027</controlfield><controlfield tag="008">060222s1000------------r-----000-0-eng-d</controlfield><datafield ind1=" " ind2=" " tag="080"><subfield code="a">614.876</subfield></datafield><datafield ind1=" " ind2=" " tag="245"><subfield code="a">Activities of the biology and health physics division, chalk river nuclear laboratories</subfield></datafield><datafield ind1=" " ind2=" " tag="260"><subfield code="a">Chalk River, Atomic Energy Of Canada Limited, 1967 55 P</subfield></datafield><datafield ind1=" " ind2=" " tag="490"><subfield code="a">2665</subfield></datafield><datafield ind1=" " ind2=" " tag="852"><subfield code="a">27067</subfield></datafield></record></collection>